@inproceedings{anderson2012discovering,
  title={Discovering value from community activity on focused question
answering sites: a case study of stack overflow},
  author={Anderson, Ashton and Huttenlocher, Daniel and Kleinberg, Jon and
Leskovec, Jure},
  booktitle={Proceedings of the 18th ACM SIGKDD international conference on
Knowledge discovery and data mining},
  pages={850--858},
  year={2012},
  organization={ACM}
}

@inproceedings{treude2011programmers,
  title={How do programmers ask and answer questions on the web?: Nier track},
  author={Treude, Christoph and Barzilay, Ohad and Storey, Margaret-Anne},
  booktitle={Software Engineering (ICSE), 2011 33rd International Conference
on},
  pages={804--807},
  year={2011},
  organization={IEEE}
}

@article{barua2014developers,
  title={What are developers talking about? an analysis of topics and trends in
stack overflow},
  author={Barua, Anton and Thomas, Stephen W and Hassan, Ahmed E},
  journal={Empirical Software Engineering},
  volume={19},
  number={3},
  pages={619--654},
  year={2014},
  publisher={Springer}
}

@inproceedings{morrison2013age,
  title={Is programming knowledge related to age? an exploration of stack
overflow},
  author={Morrison, Patrick and Murphy-Hill, Emerson},
  booktitle={Mining Software Repositories (MSR), 2013 10th IEEE Working
Conference on},
  pages={69--72},
  year={2013},
  organization={IEEE}
}

@inproceedings{bosu2013building,
  title={Building reputation in stackoverflow: an empirical investigation},
  author={Bosu, Amiangshu and Corley, Christopher S and Heaton, Dustin and
Chatterji, Debarshi and Carver, Jeffrey C and Kraft, Nicholas A},
  booktitle={Proceedings of the 10th Working Conference on Mining Software
Repositories},
  pages={89--92},
  year={2013},
  organization={IEEE Press}
}

@inproceedings{movshovitz2013analysis,
  title={Analysis of the reputation system and user contributions on a question
answering website: Stackoverflow},
  author={Movshovitz-Attias, Dana and Movshovitz-Attias, Yair and Steenkiste,
Peter and Faloutsos, Christos},
  booktitle={Proceedings of the 2013 IEEE/ACM International Conference on
Advances in Social Networks Analysis and Mining},
  pages={886--893},
  year={2013},
  organization={ACM}
}

@inproceedings{correa2014chaff,
  title={Chaff from the wheat: characterization and modeling of deleted
questions on stack overflow},
  author={Correa, Denzil and Sureka, Ashish},
  booktitle={Proceedings of the 23rd international conference on World wide
web},
  pages={631--642},
  year={2014},
}

@inproceedings{bazelli2013personality,
  title={On the personality traits of stackoverflow users},
  author={Bazelli, Blerina and Hindle, Abram and Stroulia, Eleni},
  booktitle={Software Maintenance (ICSM), 2013 29th IEEE International
Conference on},
  pages={460--463},
  year={2013},
  organization={IEEE}
}

@incollection{yang2014sparrows,
  title={Sparrows and owls: Characterisation of expert behaviour in
StackOverflow},
  author={Yang, Jie and Tao, Ke and Bozzon, Alessandro and Houben, Geert-Jan},
  booktitle={User Modeling, Adaptation, and Personalization},
  pages={266--277},
  year={2014},
  publisher={Springer}
}

@inproceedings{MSRChallenge2015,
  author = {Annie T. T. Ying},
  title = {Mining Challenge 2015: Comparing and combining different information
  sources on the Stack Overflow data set},
  booktitle = {Proceedings of MSR 2015},
  year = {2015},
  pages = {to appear}
}

@article{nielsen2011new,
  title={A new ANEW: Evaluation of a word list for sentiment analysis in
microblogs},
  author={Nielsen, Finn {\AA}rup},
  journal={arXiv preprint arXiv:1103.2903},
  year={2011}
}

@inproceedings{anderson2013steering,
  title={Steering user behavior with badges},
  author={Anderson, Ashton and Huttenlocher, Daniel and Kleinberg, Jon and
Leskovec, Jure},
  booktitle={Proceedings of the 22nd international conference on World Wide
Web},
  pages={95--106},
  year={2013},
  organization={International World Wide Web Conferences Steering Committee}
}

@article{thelwall2010sentiment,
  title={Sentiment strength detection in short informal text},
  author={Thelwall, Mike and Buckley, Kevan and Paltoglou, Georgios and Cai, Di and Kappas, Arvid},
  journal={Journal of the American Society for Information Science and Technology},
  volume={61},
  number={12},
  pages={2544--2558},
  year={2010},
  publisher={Wiley Online Library}
}
